@book{からだと病気のしくみ図鑑,
  title={からだと病気のしくみ: 生命のかたち・色・メカニズム},
  author={川上正舒, 野田泰子, 矢田俊彦},
  year={2012},
  publisher={株式会社 法研}
}

@article{thistle1967isokinetic,
  title={Isokinetic contraction: a new concept of resistive exercise.},
  author={Thistle, Howard G and Hislop, Helen J and Moffroid, Mary and Lowman, EW},
  journal={Archives of Physical Medicine and Rehabilitation},
  volume={48},
  number={6},
  pages={279--282},
  year={1967}
}

@article{白石恵1992筋電位多点計測による体幹背部の神経支配帯の分布,
  title={筋電位多点計測による体幹背部の神経支配帯の分布},
  author={白石恵 and 岡田守彦 and 増田正 and 佐渡山亜兵},
  journal={バイオメカニズム},
  volume={11},
  pages={193--203},
  year={1992},
  publisher={バイオメカニズム学会}
}

@misc{OculusQuest,
  author = {Meta Platforms},
  title = {Meta Quest},
  howpublished = {\url{https://www.oculus.com/?locale=ja_JP}},
  month = {},
  year = {},
  note = {(Accessed on 01/20/2022)}
}

@misc{Omron-HV-F122,
  author = {Omron},
  title = {低周波治療器 HV-F122 | オムロン ヘルスケアストア},
  howpublished = {\url{https://store.healthcare.omron.co.jp/item/HV_F122.html}},
  month = {},
  year = {},
  note = {(Accessed on 01/20/2022)}
}


@misc{thalmiclabs,
  author = {Thalmic Labs},
  title = {Thalmic Labs Myo},
  howpublished = {\url{https://developerblog.myo.com/author/thalmic-labs/}},
  month = {},
  year = {2022},
  note = {(Accessed on 01/20/2022)}
}

@misc{advancertechnologies,
  author = {Advancer Technologies},
  title = {MyoWare Muscle Sensor Datasheet},
  howpublished = {\url{http://cdn.sparkfun.com/datasheets/Sensors/Biometric/MyowareUserManualAT-04-001.pdf}},
  month = {},
  year = {2015},
  note = {(Accessed on 01/20/2022)}
}

@inproceedings{shim2020fs,
  title={FS-Pad: Video Game Interactions Using Force Feedback Gamepad},
  author={Shim, Youngbo Aram and Park, Keunwoo and Lee, Sangyoon and Son, Jeongmin and Woo, Taeyun and Lee, Geehyuk},
  booktitle={Proceedings of the 33rd Annual ACM Symposium on User Interface Software and Technology},
  pages={938--950},
  year={2020}
}

@misc{htc-vive,
  author = {HTC},
  title = {VIVE Japan},
  howpublished = {\url{https://www.vive.com/jp/}},
  month = {},
  year = {},
  note = {(Accessed on 01/19/2022)}
}

@misc{alts-myography,
    author = {},
    title = {表面筋電位(EMG)とは | 技術紹介 | (株)ALTs},
    howpublished = {\url{https://alts-device.com/technology/myoelectric-emg/}},
    month = {},
    year = {},
    note = {(Accessed on 01/19/2022)}
}

@misc{gravityindustries,
      author = {Gravity Industries},
      title = {Gravity Industries: Flight Club},
      note = {\url{https://gravity.co/}},
      year = {最終閲覧日2022-01-09}
  }

@article{奥川夏輝2017VR空間における視覚刺激によって発生する落下感覚の分析,
    title={{VR}空間における視覚刺激によって発生する落下感覚の分析},
    author={奥川夏輝 and 古賀宥 and 石津航大 and 橋口哲志 and 柴田史久 and 奥村朝子},
    journal={第22回日本バーチャルリアリティ学会大会論文集},
    pages={673-676},
    year={2017}
}
 
@article{鈴木拓馬2014hmd,
  title={HMD および身体幇助メカニズムを用いた VR 環境における浮遊感体験装置の提案},
  author={鈴木拓馬 and 矢野裕季 and 安藤英由樹 and 清川清 and others},
  journal={エンタテインメントコンピューティングシンポジウム 2014 論文集},
  volume={2014},
  pages={55--57},
  year={2014}
}
 
@article{rognon2018flyjacket,
  title={Flyjacket: An upper body soft exoskeleton for immersive drone control},
  author={Rognon, Carine and Mintchev, Stefano and Dell'Agnola, Fabio and Cherpillod, Alexandre and Atienza, David and Floreano, Dario},
  journal={IEEE Robotics and Automation Letters},
  volume={3},
  number={3},
  pages={2362--2369},
  year={2018},
  publisher={IEEE}
}
 
@incollection{rheiner2014birdly,
  title={Birdly an attempt to fly},
  author={Rheiner, Max},
  booktitle={ACM SIGGRAPH 2014 Emerging Technologies},
  pages={1--1},
  year={2014}
}
 
@misc{hypersuit,
  author={Guandalini R. and G. Agate},
  title={Hypersuit},
  month={Jul},
  year={2017},
  howpublished={\url{https://www.fitness-gaming.com/profiles/company/hypersuit.html}}
}
 
@article{岡嶋克典20182,
  title={2. 視覚情報によって誘発されるクロスモーダル効果},
  author={岡嶋克典},
  journal={映像情報メディア学会誌},
  volume={72},
  number={1},
  pages={8--11},
  year={2018},
  publisher={一般社団法人 映像情報メディア学会}
}
 
@article{妹尾武治2014ベクションとその周辺の近年の動向,
  title={ベクションとその周辺の近年の動向},
  author={妹尾武治},
  journal={認知科学},
  volume={21},
  number={4},
  pages={523--530},
  year={2014},
  publisher={日本認知科学会}
}
 
 
 
@article{小川奈美2016えくす手,
  title={えくす手: 変調バーチャルハンドへの即応的な身体所有感の生起による身体拡張システム},
  author={小川奈美 and 伴祐樹 and 櫻井翔 and 鳴海拓志 and 谷川智弘 and 廣瀬通孝},
  journal={情報処理学会 インタラクション},
  year={2016}
}
 
@article{botvinick1998rubber,
  title={Rubber hands ‘feel’touch that eyes see},
  author={Botvinick, Matthew and Cohen, Jonathan},
  journal={Nature},
  volume={391},
  number={6669},
  pages={756--756},
  year={1998},
  publisher={Nature Publishing Group}
}
 
@article{小川剛史2017電気的筋肉刺激が重量知覚に及ぼす影響の分析,
  title={電気的筋肉刺激が重量知覚に及ぼす影響の分析},
  author={小川剛史 and 中張遼太郎 and 新島有信},
  journal={日本バーチャルリアリティ学会論文誌},
  volume={22},
  number={1},
  pages={3--10},
  year={2017},
  publisher={特定非営利活動法人 日本バーチャルリアリティ学会}
}
 
@article{青山一真2014前庭電気刺激における逆方向不感電流を用いた加速度感覚の増強,
  title={前庭電気刺激における逆方向不感電流を用いた加速度感覚の増強 ( 特集 サービス現場・日常生活に浸透する {VR/AR})},
  author={青山一真 and 安藤英由樹 and 飯塚博幸 and 前田太郎},
  journal={日本バーチャルリアリティ学会論文誌},
  volume={19},
  number={3},
  pages={315--318},
  year={2014},
  publisher={特定非営利活動法人 日本バーチャルリアリティ学会}
}
 
@incollection{maeda2005shaking,
  title={Shaking the world: galvanic vestibular stimulation as a novel sensation interface},
  author={Maeda, Taro and Ando, Hideyuki and Amemiya, Tomohiro and Nagaya, Naohisa and Sugimoto, Maki and Inami, Masahiko},
  booktitle={ACM SIGGRAPH 2005 Emerging technologies},
  pages={17--es},
  year={2005}
}
 
%%----------------------------------------------------------
 
@phdthesis{Ikuo:doctor,
	author = "水内 郁夫",
	title = "柔軟性可変な脊椎構造を有する多自由度全身行動ロボットシステム",
	school = "東京大学",
	year = 2001
}
 
@InProceedings{Kawamura:hogege2010,
	author = 	 {川村 マサキ},
	title = 	 {ほげの可能性と適用限界に関する実験的研究},
	booktitle =	 {日本ほげ学会ほげ工学部門講演会},
	pages =	 {324--366},
	year =	 2010
}
 
@Book{Hondo:hohoge2006,
	author =	 {本堂 貴敏},
	title = 	 {ほげの力学},
	publisher = 	 {ほげ出版},
	pages =	 {11--43},
	year = 	 2006
}
 
 
@Book{hooogeBook,
	editor =	 {日本ほげ医学会},
	title = 	 {本当は怖いほげの医学},
	publisher = 	 {捕鯨出版},
	year = 	 2011
}
 
 
@Article{Hondo:JRSJ2011,
	author = 	 {本堂 貴敏 and 水内 郁夫},
	title = 	 {ばねの研究},
	journal = 	 {日本ばね学会誌},
	year = 	 2011,
	key =		 {spring},
	volume =	 72,
	number =	 3,
	pages =	 {350--355}
}
 
@inproceedings{Kanehiro2000:RSJ,
	author = {金広 文男 and 水内 郁夫 and 稲葉 雅幸 and 井上 博允},
	booktitle = {日本ロボット学会学術講演会概要集},
	mendeley-groups = {bthesis,robomech2014,JRM},
	pages = {1237--1238},
	title = {プラグインアーキテクチャに基づく発展的ソフトウェア環境の実装},
	year = {2000}
}
 
@Article{ROS,
	author = {Morgan Quigley and Brian Gerkey and Ken Conley and Josh Faust and Tully Foote and Jermy Leibs and Eric Berger and Rob Wheeler and Andrew Ng},
	title = "{ROS}: an open-source Robot Operationg System",
	school = {Computer SCience Department, Stanford University, Stanford, CA and Willow Garage, Menlo Park, CA and Computer Science Department, University of Southern California},
	year = 2009
}
 
@inproceedings{OpenEL,
	author = {中村 憲一},
	title = {日本発の国際標準を狙う次世代のロボット開発プラットフォーム(オープンソースソフト/ハードとサービスを繋ぐクラウドネットワークロボティクス)},
	school = {一般社団法人組込みシステム技術協会},
	year = 2011,
	booktitle = {電子情報通信学会技術研究報告},
	mendeley-groups = {一般社団法人電子情報通信学会},
	pages = {11--14}
}
 
@inproceedings{Mizuuchi:RSJ2015-baneoid,
	author = {水内 郁夫 and 本堂 貴敏 and 伊藤 達也 and Tom\'{a}\v{s} Koz\'ak and 朝岡 忠 and 恒岡 佑哉 and 尾形 将平 and 山本 奈都美},
	title = "全身に直列弾性要素を組み込んだヒューマノイド {Baneoid}",
	school = {RSJ2015AC3I1-01},
	year = 2015,
	booktitle = {第33回日本ロボット学会学術講演会講演論文集}
}
 
@Misc{sentei1,
  title        = "{整枝剪定の基本 （落葉果樹）: 事業案内ーJA岡山西}",
  howpublished = "\url{http://www.jaokanishi.jp/jigyou/einou/14/01_2/}，最終アクセス日 2019/2/6"
}